<?xml version="1.0" encoding="UTF-8"?><collection xmlns="http://www.loc.gov/MARC21/slim"><record><leader>00394nam--2200133-i-4500</leader><controlfield tag="001">000047203</controlfield><controlfield tag="002">20161230</controlfield><controlfield tag="005">20161230201046</controlfield><controlfield tag="008">060222s1000------------r-----000-0-eng-d</controlfield><datafield ind1=" " ind2=" " tag="080"><subfield code="a">538.911:548.3</subfield></datafield><datafield ind1=" " ind2=" " tag="100"><subfield code="a">Weiss, Alarich Und Witte, Helmut</subfield></datafield><datafield ind1=" " ind2=" " tag="245"><subfield code="a">Kristallstruktur und chemische bindung. mit 188 abbildungen und 47 tabellen</subfield></datafield><datafield ind1=" " ind2=" " tag="260"><subfield code="a">Berlin, Akademie-verlag, 1983, 391p</subfield></datafield><datafield ind1=" " ind2=" " tag="852"><subfield code="a">72045</subfield></datafield></record></collection>